@book{agresti2017statistics,
  title={Statistics: The art and science of learning from data},
  author={Agresti, Alan and Franklin, Christine A and Klingenberg, Bernhard},
  year={2017},
  publisher={Pearson Higher Ed}
}